@Book{xie2015,
  title = {Dynamic Documents with {R} and knitr},
  author = {Yihui Xie},
  publisher = {Chapman and Hall/CRC},
  address = {Boca Raton, Florida},
  year = {2015},
  edition = {2nd},
  note = {ISBN 978-1498716963},
  url = {http://yihui.name/knitr/},
}

@Book{xie2015,
  title = {Research Methods for Everyday Life: Blending Qualitative and Quantitative Approaches},
  author = {Scott W. Vanderstoep, Deidre D. Johnston},
  publisher = {Jossey-Bass},
  address = {San Francisco, California},
  year = {2009},
  edition = {2nd},
}
